@article{hansen2000global,
  title={Global warming in the twenty-first century: An alternative scenario},
  author={Hansen, James and Sato, Makiko and Ruedy, Reto and Lacis, Andrew and Oinas, Valdar},
  journal={Proceedings of the National Academy of Sciences},
  volume={97},
  number={18},
  pages={9875--9880},
  year={2000},
  publisher={National Acad Sciences}
}

@article{hansen2006global,
  title={Global temperature change},
  author={Hansen, James and Sato, Makiko and Ruedy, Reto and Lo, Ken and Lea, David W and Medina-Elizade, Martin},
  journal={Proceedings of the National Academy of Sciences},
  volume={103},
  number={39},
  pages={14288--14293},
  year={2006},
  publisher={National Acad Sciences}
}





